<?xml version="1.0" encoding="UTF-8"?><collection xmlns="http://www.loc.gov/MARC21/slim"><record><leader>00304nam--2200109-i-4500</leader><controlfield tag="001">000007177</controlfield><controlfield tag="002">20161230</controlfield><controlfield tag="005">20161230201027</controlfield><controlfield tag="008">060222s1000------------r-----000-0-eng-d</controlfield><datafield ind1=" " ind2=" " tag="245"><subfield code="a">Brief annual report 1964 - 1965</subfield></datafield><datafield ind1=" " ind2=" " tag="260"><subfield code="a">Bombay, Department Of Atomic Energy, Govern Ment Of India, 1965 50 P</subfield></datafield><datafield ind1=" " ind2=" " tag="852"><subfield code="a">21364</subfield></datafield></record></collection>